<?xml version="1.0" encoding="UTF-8" ?>
<collection xmlns:xsi="http://www.w3.org/2001/XMLSchema-instance"
    xsi:schemaLocation="http://www.loc.gov/MARC21/slim
        http://www.loc.gov/standards/marcxml/schema/MARC21slim.xsd"
    xmlns="http://www.loc.gov/MARC21/slim">
<record>
  <leader>00282cam a2200553 ia4500</leader>
  <controlfield tag="001">b12615973</controlfield>
  <controlfield tag="003">LeBAU</controlfield>
  <controlfield tag="005">20140715</controlfield>
  <controlfield tag="008">970828s1929    le abc   b    ||1 0 ara d</controlfield>
  <datafield tag="035" ind1=" " ind2=" ">
    <subfield code="a">ocn784429319</subfield>
  </datafield>
  <datafield tag="040" ind1=" " ind2=" ">
    <subfield code="a">LEAUB</subfield>
    <subfield code="b">ara</subfield>
    <subfield code="e">rda</subfield>
    <subfield code="c">LEAUB</subfield>
    <subfield code="d">LEAUB</subfield>
  </datafield>
  <datafield tag="082" ind1="0" ind2="4">
    <subfield code="a">915.3</subfield>
    <subfield code="2">22</subfield>
  </datafield>
  <datafield tag="100" ind1="1" ind2=" ">
    <subfield code="6">880-01</subfield>
    <subfield code="a">Rīḥānī, Amīn,</subfield>
    <subfield code="d">1876-1940,</subfield>
    <subfield code="e">author.</subfield>
  </datafield>
  <datafield tag="245" ind1="1" ind2="0">
    <subfield code="6">880-02</subfield>
    <subfield code="a">Mulūk al-ʻArab, aw, Riḥlah fī al-bilād al-‘Arabīyah :</subfield>
    <subfield code="b">tashtamilu ʻalá muqaddimah wa-thamāniyat aqsām /</subfield>
    <subfield code="c">ta’līf Amīn al-Rīḥānī.</subfield>
  </datafield>
  <datafield tag="246" ind1="3" ind2="0">
    <subfield code="a">رحلة في البلاد العربية تشتمل على مقدمة وثمانية أقسام</subfield>
  </datafield>
  <datafield tag="250" ind1=" " ind2=" ">
    <subfield code="6">880-03</subfield>
    <subfield code="a">Second edition.</subfield>
  </datafield>
  <datafield tag="264" ind1=" " ind2="1">
    <subfield code="6">880-04</subfield>
    <subfield code="a">Bayrūt :</subfield>
    <subfield code="b">al-Maṭba‘ah al-‘Ilmīyah,</subfield>
    <subfield code="c">1929.</subfield>
  </datafield>
  <datafield tag="300" ind1=" " ind2=" ">
    <subfield code="6">880-05</subfield>
    <subfield code="a">2 volumes :</subfield>
    <subfield code="b">illustrations, maps, portraits ;</subfield>
    <subfield code="c">22 cm</subfield>
  </datafield>
  <datafield tag="336" ind1=" " ind2=" ">
    <subfield code="a">text</subfield>
    <subfield code="b">txt</subfield>
    <subfield code="2">rdacontent</subfield>
  </datafield>
  <datafield tag="337" ind1=" " ind2=" ">
    <subfield code="a">unmediated</subfield>
    <subfield code="b">n</subfield>
    <subfield code="2">rdamedia</subfield>
  </datafield>
  <datafield tag="338" ind1=" " ind2=" ">
    <subfield code="a">volume</subfield>
    <subfield code="b">nc</subfield>
    <subfield code="2">rdacarrier</subfield>
  </datafield>
  <datafield tag="500" ind1=" " ind2=" ">
    <subfield code="a">الجزؤ الثاني، النسخة الأولى، طبع في المطبعة العلمية، بيروت، 1925.</subfield>
  </datafield>
  <datafield tag="500" ind1=" " ind2=" ">
    <subfield code="a">"الطبعة الثانية، وقد صححها المؤلف وزاد في حواشيها"</subfield>
  </datafield>
  <datafield tag="500" ind1=" " ind2=" ">
    <subfield code="a">"مزينة بالخارطات والرسوم"</subfield>
  </datafield>
  <datafield tag="504" ind1=" " ind2=" ">
    <subfield code="a">يتضمن مراجع ببليوغرافية وكشافات.</subfield>
  </datafield>
  <datafield tag="505" ind1="0" ind2="0">
    <subfield code="t">ملوك العرب، أو، رحلة في البلاد العربية:</subfield>
    <subfield code="g">الجزؤ الأول.</subfield>
    <subfield code="t">الحجاز - اليمن - عسير - الحج والنواحي التسع المحمية --</subfield>
    <subfield code="g">الجزؤ الثاني.</subfield>
    <subfield code="t">سلطنة نجد وملحقاتها، الكويت - البحرين - العراق.</subfield>
  </datafield>
  <datafield tag="651" ind1=" " ind2="4">
    <subfield code="a">شبه الجزيرة العربية</subfield>
    <subfield code="x">وصف ورحلات.</subfield>
  </datafield>
  <datafield tag="651" ind1=" " ind2="4">
    <subfield code="a">شبه الجزيرة العربية</subfield>
    <subfield code="x">السياسة والحكومة.</subfield>
  </datafield>
  <datafield tag="651" ind1=" " ind2="0">
    <subfield code="a">Arabian Peninsula</subfield>
    <subfield code="x">Description and travel.</subfield>
  </datafield>
  <datafield tag="651" ind1=" " ind2="0">
    <subfield code="a">Arabian Peninsula</subfield>
    <subfield code="x">Politics and government.</subfield>
  </datafield>
  <datafield tag="775" ind1="0" ind2=" ">
    <subfield code="6">880-06</subfield>
    <subfield code="t">Mulūk al-ʻArab, aw, Riḥlah fī al-bilād al-‘Arabīyah</subfield>
    <subfield code="d">Bayrūt : al-Maṭba‘ah al-‘Ilmīyah, 1924</subfield>
    <subfield code="w">(OCoLC)784531541</subfield>
    <subfield code="w">(OCoLC)784531541</subfield>
  </datafield>
  <datafield tag="775" ind1="0" ind2=" ">
    <subfield code="6">880-07</subfield>
    <subfield code="t">Mulūk al-ʻArab, aw, Riḥlah fī al-bilād al-‘Arabīyah.</subfield>
    <subfield code="b">third edition</subfield>
    <subfield code="d">Bayrūt : Maṭābi‘ Ṣādir Rīḥānī, 1951</subfield>
    <subfield code="w">(OCoLC)784531542</subfield>
    <subfield code="w">(OCoLC)784531542</subfield>
  </datafield>
  <datafield tag="852" ind1=" " ind2=" ">
    <subfield code="a">Jafet Library</subfield>
    <subfield code="e">American University of Beirut, Bliss Street , Beirut, Lebanon.</subfield>
  </datafield>
  <datafield tag="880" ind1="1" ind2=" ">
    <subfield code="6">100-01/(3/r</subfield>
    <subfield code="a">الريحاني، امين فارس،</subfield>
    <subfield code="d">1876-1940،</subfield>
    <subfield code="e">مؤلف. </subfield>
    <subfield code="4">aut.</subfield>
  </datafield>
  <datafield tag="880" ind1="1" ind2="0">
    <subfield code="6">245-02/(3/r</subfield>
    <subfield code="a">ملوك العرب، أو، رحلة في البلاد العربية :</subfield>
    <subfield code="b">تشتمل على مقدمة وثمانية أقسام /</subfield>
    <subfield code="c">تأليف أمين الريحاني.</subfield>
  </datafield>
  <datafield tag="880" ind1=" " ind2=" ">
    <subfield code="6">250-03/(3/r</subfield>
    <subfield code="a">الطبعة الثانية.</subfield>
  </datafield>
  <datafield tag="880" ind1=" " ind2="1">
    <subfield code="6">264-04/(3/r</subfield>
    <subfield code="a">بيروت :</subfield>
    <subfield code="b">المطبعة العلمية،</subfield>
    <subfield code="c">1929.</subfield>
  </datafield>
  <datafield tag="880" ind1=" " ind2=" ">
    <subfield code="6">300-05/(3/r</subfield>
    <subfield code="a">2 جزء :</subfield>
    <subfield code="b">مصورات، خرائط، صور شخصانية ؛</subfield>
    <subfield code="c">22 سم</subfield>
  </datafield>
  <datafield tag="880" ind1="0" ind2=" ">
    <subfield code="6">775-06/(3/r</subfield>
    <subfield code="t">ملوك العرب، أو، رحلة في البلاد العربية</subfield>
    <subfield code="d">بيروت : المطبعة العلمية، 1924</subfield>
    <subfield code="w">b12993049</subfield>
    <subfield code="w">(OCoLC)784531541</subfield>
  </datafield>
  <datafield tag="880" ind1="0" ind2=" ">
    <subfield code="6">775-07</subfield>
    <subfield code="t">ملوك العرب، أو، رحلة في البلاد العربية</subfield>
    <subfield code="b">الطبعة الثالثة</subfield>
    <subfield code="d">بيروت : مطابع صادر ريحاني، 1951</subfield>
    <subfield code="w">b12993062</subfield>
    <subfield code="w">(OCoLC)784531542</subfield>
  </datafield>
  <datafield tag="907" ind1=" " ind2=" ">
    <subfield code="a">.b12615973</subfield>
    <subfield code="b">15-10-15</subfield>
    <subfield code="c">11-05-24</subfield>
  </datafield>
  <datafield tag="907" ind1=" " ind2=" ">
    <subfield code="a">.b12615973</subfield>
    <subfield code="b">11-10-11</subfield>
    <subfield code="c">11-05-24</subfield>
  </datafield>
  <datafield tag="945" ind1=" " ind2=" ">
    <subfield code="f">J</subfield>
    <subfield code="a">915.3:R26mA:v.1:c.2</subfield>
    <subfield code="g">1</subfield>
    <subfield code="i">01044571</subfield>
    <subfield code="j">.i13135235</subfield>
    <subfield code="l">u0503</subfield>
  </datafield>
  <datafield tag="945" ind1=" " ind2=" ">
    <subfield code="f">J</subfield>
    <subfield code="a">915.3:R26mA:v.1:c.3</subfield>
    <subfield code="g">1</subfield>
    <subfield code="i">01044572</subfield>
    <subfield code="j">.i13135247</subfield>
    <subfield code="l">u0503</subfield>
  </datafield>
  <datafield tag="945" ind1=" " ind2=" ">
    <subfield code="f">J</subfield>
    <subfield code="a">915.3:R26mA:v.1:c.1</subfield>
    <subfield code="g">1</subfield>
    <subfield code="i">01044573</subfield>
    <subfield code="j">.i13135259</subfield>
    <subfield code="l">u0503</subfield>
  </datafield>
  <datafield tag="945" ind1=" " ind2=" ">
    <subfield code="f">J</subfield>
    <subfield code="a">915.3:R26mA:v.2:c.1</subfield>
    <subfield code="g">1</subfield>
    <subfield code="i">01044578</subfield>
    <subfield code="j">.i13135260</subfield>
    <subfield code="l">u0503</subfield>
  </datafield>
  <datafield tag="945" ind1=" " ind2=" ">
    <subfield code="f">J</subfield>
    <subfield code="a">915.3:R26mA:v.2:c.2</subfield>
    <subfield code="g">1</subfield>
    <subfield code="i">01044579</subfield>
    <subfield code="j">.i13135272</subfield>
    <subfield code="l">u0503</subfield>
  </datafield>
  <datafield tag="945" ind1=" " ind2=" ">
    <subfield code="f">J</subfield>
    <subfield code="a">915.3:R26mA:v.2:c.3</subfield>
    <subfield code="g">1</subfield>
    <subfield code="i">01044582</subfield>
    <subfield code="j">.i13135284</subfield>
    <subfield code="l">u0503</subfield>
  </datafield>
  <datafield tag="998" ind1=" " ind2=" ">
    <subfield code="a">u05</subfield>
    <subfield code="b">97-08-28</subfield>
    <subfield code="c">m</subfield>
    <subfield code="d">a</subfield>
    <subfield code="e">-</subfield>
    <subfield code="f">ara</subfield>
    <subfield code="g">le </subfield>
    <subfield code="h">0</subfield>
    <subfield code="i">6</subfield>
  </datafield>
</record>
</collection>
